@article{bracher21,
    doi = {10.1371/journal.pcbi.1008618},
    author = {Bracher, Johannes AND Ray, Evan L. AND Gneiting, Tilmann AND Reich, Nicholas G.},
    journal = {PLOS Computational Biology},
    publisher = {Public Library of Science},
    title = {Evaluating epidemic forecasts in an interval format},
    year = {2021},
    month = {02},
    volume = {17},
    pages = {1-15},
    number = {2}
}
@article{hewamalage23,
  title={Forecast evaluation for data scientists: common pitfalls and best practices},
  author={Hewamalage, Hansika and Ackermann, Klaus and Bergmeir, Christoph},
  journal={Data Mining and Knowledge Discovery},
  volume={37},
  number={2},
  pages={788--832},
  year={2023},
  publisher={Springer}
}